@article{lecun2015deep,
  title={Deep learning},
  author={LeCun, Yann and Bengio, Yoshua and Hinton, Geoffrey},
  journal={nature},
  volume={521},
  number={7553},
  pages={436--444},
  year={2015},
  publisher={Nature Publishing Group UK London}
}

@inproceedings{mixup,
  title={mixup: Beyond Empirical Risk Minimization},
  author={Zhang, Hongyi and Cisse, Moustapha and Dauphin, Yann N and Lopez-Paz, David},
  booktitle={International Conference on Learning Representations (ICLR)},
  year={2018}
}

@inproceedings{cutmix,
  title={CutMix: Regularization Strategy to Train Strong Classifiers With Localizable Features},
  author={Yun, Sangdoo and Han, Dongyoon and Oh, Seong Joon and Chun, Sanghyuk and Choe, Junsuk and Yoo, Youngjoon},
  booktitle={Proceedings of the IEEE/CVF International Conference on Computer Vision (ICCV)},
  pages={6023--6032},
  year={2019}
}

@article{fouriermix,
  title={FourierMix: Resolving Dataset Bias via Fourier Data Augmentation},
  author={Rong, Yu and Zhang, Lin and Liu, Chang},
  journal={arXiv preprint arXiv:2106.01287},
  year={2021}
}

@inproceedings{liu2022convnext,
  title={A ConvNet for the 2020s},
  author={Liu, Zhuangfei and Mao, Hanzi and Wu, Chao-Yuan and Feichtenhofer, Christoph and Darrell, Trevor and Xie, Saining},
  booktitle={Proceedings of the IEEE/CVF Conference on Computer Vision and Pattern Recognition (CVPR)},
  year={2022}
}

@article{tan2018survey,
  title={A survey on deep transfer learning},
  author={Tan, Chuanqi and Sun, Fuchun and Kong, Tao and Zhang, Wenchang and Yang, Chao and Liu, Chunfang},
  journal={Proceedings of the IEEE Conference on Artificial Intelligence (CAAI)},
  year={2018}
}

@book{jolliffe2016principal,
  title={Principal Component Analysis},
  author={Jolliffe, Ian T. and Cadima, Jorge},
  year={2016},
  publisher={Springer}
}
